@misc{PFGPlots,
	title = {{PGFPlots - A LaTeX package to create plots.}},
	url = {https://pgfplots.sourceforge.net/},
}